<record><leader>00000cas a2200000 a 4500</leader><controlfield tag="001">37745847</controlfield><controlfield tag="006">m     o  d        </controlfield><controlfield tag="007">cr cnu||||||||</controlfield><controlfield tag="008">971007c18869999caudr nso     0   a0eng c</controlfield><datafield ind1=" " ind2=" " tag="010"><subfield code="a">  2011267049</subfield></datafield><datafield ind1=" " ind2=" " tag="040"><subfield code="a">DLM</subfield><subfield code="b">eng</subfield><subfield code="c">DLM</subfield><subfield code="d">OCL</subfield><subfield code="d">OCLCQ</subfield><subfield code="d">EYM</subfield><subfield code="d">OCLCQ</subfield><subfield code="d">LRU</subfield><subfield code="d">ZAD</subfield><subfield code="d">OCLCQ</subfield><subfield code="d">UMI</subfield><subfield code="d">OCLCQ</subfield><subfield code="d">DOS</subfield><subfield code="d">DLC</subfield><subfield code="d">OCLCF</subfield><subfield code="d">COO</subfield><subfield code="d">OCLCO</subfield><subfield code="d">VT2</subfield><subfield code="d">OCLCQ</subfield><subfield code="d">OCL</subfield><subfield code="d">OCLCO</subfield><subfield code="d">CRL</subfield></datafield><datafield ind1=" " ind2=" " tag="012"><subfield code="l">a</subfield></datafield><datafield ind1=" " ind2=" " tag="019"><subfield code="a">44250216</subfield><subfield code="a">44317749</subfield><subfield code="a">760300091</subfield><subfield code="a">858838503</subfield></datafield><datafield ind1="0" ind2=" " tag="022"><subfield code="a">2165-1736</subfield><subfield code="y">0458-3035</subfield><subfield code="2">1</subfield></datafield><datafield ind1=" " ind2=" " tag="037"><subfield code="a">CL1066000001</subfield><subfield code="b">ProQuest Information and Learning, 789 E. Eisenhower Parkway, Ann Arbor, MI 48108-3218</subfield></datafield><datafield ind1=" " ind2=" " tag="037"><subfield code="b">Los Angeles Times, 202 West 1st Street, Los Angeles, California, 90012</subfield></datafield><datafield ind1=" " ind2=" " tag="042"><subfield code="a">pcc</subfield></datafield><datafield ind1=" " ind2=" " tag="043"><subfield code="a">n-us-ca</subfield></datafield><datafield ind1=" " ind2="4" tag="050"><subfield code="a">AN2.L67</subfield><subfield code="b">T56</subfield></datafield><datafield ind1="1" ind2="0" tag="082"><subfield code="a">071</subfield><subfield code="2">14</subfield></datafield><datafield ind1="0" ind2=" " tag="130"><subfield code="a">Los Angeles times (Online)</subfield></datafield><datafield ind1=" " ind2="4" tag="222"><subfield code="a">The Los Angeles times</subfield><subfield code="b">(Online)</subfield></datafield><datafield ind1="1" ind2="4" tag="245"><subfield code="a">The Los Angeles times.</subfield></datafield><datafield ind1="1" ind2=" " tag="246"><subfield code="a">LA times</subfield></datafield><datafield ind1=" " ind2=" " tag="260"><subfield code="a">Los Angeles :</subfield><subfield code="b">Los Angeles Times</subfield></datafield><datafield ind1=" " ind2=" " tag="310"><subfield code="a">Daily</subfield></datafield><datafield ind1=" " ind2=" " tag="336"><subfield code="a">text</subfield><subfield code="b">txt</subfield><subfield code="2">rdacontent</subfield></datafield><datafield ind1=" " ind2=" " tag="337"><subfield code="a">computer</subfield><subfield code="b">c</subfield><subfield code="2">rdamedia</subfield></datafield><datafield ind1=" " ind2=" " tag="338"><subfield code="a">online resource</subfield><subfield code="b">cr</subfield><subfield code="2">rdacarrier</subfield></datafield><datafield ind1="1" ind2=" " tag="362"><subfield code="a">Print began with vol. 10, no. 119 (Oct. 23, 1886).</subfield></datafield><datafield ind1=" " ind2=" " tag="530"><subfield code="a">Also issued in print.</subfield></datafield><datafield ind1=" " ind2=" " tag="538"><subfield code="a">Mode of access: World Wide Web.</subfield></datafield><datafield ind1=" " ind2=" " tag="580"><subfield code="a">Sunday ed. includes the Book review section.</subfield></datafield><datafield ind1=" " ind2=" " tag="588"><subfield code="a">Description based on: Oct. 2, 1997.</subfield></datafield><datafield ind1=" " ind2=" " tag="588"><subfield code="a">Latest issue consulted: December 19, 2011 (ProQuest National Newspapers Core, viewed December 19, 2011).</subfield></datafield><datafield ind1=" " ind2="0" tag="651"><subfield code="a">Los Angeles (Calif.)</subfield><subfield code="v">Newspapers.</subfield></datafield><datafield ind1=" " ind2="7" tag="651"><subfield code="a">California</subfield><subfield code="z">Los Angeles.</subfield><subfield code="2">fast</subfield><subfield code="0">(OCoLC)fst01204540</subfield></datafield><datafield ind1=" " ind2="7" tag="655"><subfield code="a">Periodicals</subfield><subfield code="2">fast</subfield><subfield code="0">(OCoLC)fst01411641</subfield></datafield><datafield ind1=" " ind2="0" tag="655"><subfield code="a">Electronic journals.</subfield></datafield><datafield ind1=" " ind2="4" tag="655"><subfield code="a">Electronic newspapers.</subfield></datafield><datafield ind1=" " ind2="7" tag="655"><subfield code="a">Newspapers.</subfield><subfield code="2">fast</subfield><subfield code="0">(OCoLC)fst01423814</subfield></datafield><datafield ind1=" " ind2=" " tag="752"><subfield code="a">United States</subfield><subfield code="b">California</subfield><subfield code="c">Los Angeles</subfield><subfield code="d">Los Angeles.</subfield></datafield><datafield ind1="0" ind2="8" tag="776"><subfield code="i">Print version:</subfield><subfield code="t">Angeles times</subfield><subfield code="x">0458-3035</subfield><subfield code="w">(DLC)sn 81004356</subfield><subfield code="w">(OCoLC)3638237</subfield></datafield><datafield ind1="1" ind2=" " tag="777"><subfield code="t">Angeles times book reviews (Online)</subfield></datafield><datafield ind1="0" ind2="0" tag="780"><subfield code="t">Angeles daily times (Online)</subfield><subfield code="w">(DLC)  2006266018</subfield><subfield code="w">(OCoLC)71790328</subfield></datafield><datafield ind1="4" ind2="0" tag="856"><subfield code="3">Center for Research Libraries: Aug-Sep 1955</subfield><subfield code="u">https://dds.crl.edu/crldelivery/28280</subfield><subfield code="z">Center for Research Libraries: Aug-Sep 1955</subfield></datafield><datafield ind1="4" ind2="0" tag="856"><subfield code="3">Current 60 days via Library Press Display</subfield><subfield code="u">http://library.pressdisplay.com/pressdisplay/viewer.aspx?newspaper=the+philadelphia+inquirer&amp;cid=1014</subfield></datafield><datafield ind1="4" ind2="0" tag="856"><subfield code="3">ProQuest National Newspapers Core</subfield><subfield code="u">http://search.proquest.com/nationalnewscore/publication/46999/citation/133AD6D798A4598AB5A/1?</subfield></datafield><datafield ind1="4" ind2="0" tag="856"><subfield code="u">http://www.latimes.com/</subfield></datafield><datafield ind1="4" ind2="0" tag="856"><subfield code="z">Available by subscription from ProQuest Digital Microfilm:</subfield><subfield code="u">http://digitalmicrofilm1.proquest.com</subfield></datafield><datafield ind1="1" ind2=" " tag="029"><subfield code="a">AU@</subfield><subfield code="b">000051288976</subfield></datafield><datafield ind1="1" ind2=" " tag="029"><subfield code="a">NZ1</subfield><subfield code="b">14217487</subfield></datafield><datafield ind1="1" ind2=" " tag="029"><subfield code="a">OCLCS</subfield><subfield code="b">5338</subfield></datafield><datafield ind1="1" ind2=" " tag="029"><subfield code="a">OCLCS</subfield><subfield code="b">OP-29716</subfield></datafield></record>